%<bibtex>

@CONFERENCE{1,
AUTHOR       = {Sarma, P. and Chen, W. H.}, 
TITLE            = {Applications of Optimal Control Theory for Efficient Production Optimization of Realistic Reservoirs},
BOOKTITLE   = {Proceedings of the International Petroleum Technology Conference},
YEAR             = {2008},
Address         = {Kuala Lumpur, Malaysia},
}

@ARTICLE{2,
AUTHOR    = {Brouwer, D. R. and Jansen, J. D.}, 
TITLE         = {Dynamic Optimization of Waterflooding With Smart Wells Using Optimal Control Theory},
JOURNAL  = {SPE Journal},
YEAR         = {2004},
Volume      = {9},
Number     = {4},
Pages       = {391-402},
}

@ARTICLE{wengCalibration,
AUTHOR    = {Weng, J. and Cohen, P. and Herniou, M.}, 
TITLE         = {Camera Calibration with Distortion Models and Accuracy Evaluation},
JOURNAL  = {IEEE Transactions on Pattern Analysis and Machine Intelligence},
YEAR         = {1992},
Volume      = {14},
Number     = {10},
Pages       = {965-980},
}

@ARTICLE{weiCalibration,
AUTHOR    = {Wei, G. and De Ma, S.}, 
TITLE         = {Implicit and Explicit Camera Calibration: Theory and Experiments},
JOURNAL  = {IEEE Transactions on Pattern Analysis and Machine Intelligence},
YEAR         = {1994},
Volume      = {16},
Number     = {5},
Pages       = {469-480},
}

@ARTICLE{Brown71close-rangecamera,
    author = {Duane C. Brown},
    title = {Close-range camera calibration},
    journal = {PHOTOGRAMMETRIC ENGINEERING},
    year = {1971},
    volume = {37},
    number = {8},
    pages = {855--866}
}

@techreport{zhangTech,
     title = {{A Flexible New Technique for Camera Calibration}},
     author = {Zhengyou Zhang},
     group = {Microsoft Research},
     year = {1998},
     institution = {Microsoft Corporation},
     month = {12},
}

@BOOK{3,
AUTHOR     = {Muskat, M.}, 
TITLE          = {Flow of Homogeneous Fluids},
PUBLISHER = {McGraw Hill},
YEAR          = {1937},
}

@BOOK{geometry,
AUTHOR     = {Bernstein, D. S.}, 
TITLE          = {Geometry, Kinematics, Statics and Dynamics},
PUBLISHER = {Princeton University Press},
YEAR          = {2012},
}

@BOOK{3dvision,
AUTHOR     = {Faugeras, O.}, 
TITLE          = {Three-Dimensional Computer Vision: A Geometric Viewpoint},
PUBLISHER = {The MIT Press},
YEAR          = {1993},
}

@BOOK{SpieLidar,
AUTHOR     = {McManamon, P.}, 
TITLE          = {Field Guide to Lidar},
PUBLISHER = {SPIE},
YEAR          = {2015},
}



@MISC{opencv,
AUTHOR = {OpenCV},
TITLE = {Camera Calibration and 3D Reconstruction},
NOTE = {goo.gl/KyzQSo},
YEAR= {2016}
}

@BOOK{sensorFusion1,
AUTHOR     = {Koch, W.}, 
TITLE          = {Tracking and Sensor Data Fusion: Methodological Framework and Selected Applications},
PUBLISHER = {Springer},
YEAR          = {2014},
}

@incollection{JDLFusion,
  author      = "Steinberg, A.N. and Bowman, C.L.",
  title       = "Revisions to the JDL Data Fusion Model",
  editor      = "Liggins, M. E. and Hall, D. L. and Llinas, J.",
  booktitle   = "Handbook of Multisensor Data Fusion - Theory and Practice",
  publisher   = "CRC Press",
  year        = 2008,
  pages       = "45-66",
  chapter     = 3,
}

@BOOK{kinematics,
AUTHOR     = {Wittenburg, J.}, 
TITLE          = {Kinematics: Theory and Applications},
PUBLISHER = {Springer},
YEAR          = {2016},
}

@BOOK{programming_ros,
AUTHOR     = {Quigley, M. and Gerkey, B. and Smart, W. D.}, 
TITLE          = {Programming Robots with ROS},
PUBLISHER = {O'Reilly},
YEAR          = {2015},
}

@BOOK{modsim,
AUTHOR     = {Egeland, O. and Gravdahl, J. T.}, 
TITLE          = {Modeling and Simulation for Automatic Control},
PUBLISHER = {Marine Cybernetics},
YEAR          = {2002},
}

@BOOK{modernCV,
AUTHOR     = {Forsyth, M. and Ponce, J.}, 
TITLE          = {Computer Vision, A Modern Approach},
PUBLISHER = {Pearson},
YEAR          = {2012},
}
@BOOK{CValg,
AUTHOR     = {Szeliski, Richard}, 
TITLE          = {Computer Vision, Algorithms and Applications},
PUBLISHER = {Springer},
YEAR          = {2011},
}

@BOOK{digImage,
AUTHOR     = {Gonzalez, R. C. and Woods, R. E.}, 
TITLE          = {Digital Image Processing},
PUBLISHER = {Pearson},
YEAR          = {2008},
}

@BOOK{probabilisticRobotics,
AUTHOR     = {Thrun, S. and Burgard, W. and Fox, D.}, 
TITLE          = {Probabilistic Robotics (Intelligent Robotics and Autonomous Agents series)},
PUBLISHER = {The MIT Press},
YEAR          = {2005},
}

@book{ROC,
   title =     {ROC Curves for Continuous Data},
   author =    {Wojtek J. Krzanowski and David J. Hand},
   publisher = {Chapman and Hall/CRC},
   isbn =      {1439800219,9781439800218},
   year =      {2009},
   series =    {Monographs on Statistics and Applied Probability volume 111},
   edition =   {1st},
   volume =    {},
}
   
@book{pattern,
   title =     {Pattern classification},
   author =    {Richard O. Duda, Peter E. Hart, David G. Stork},
   publisher = {Wiley},
   isbn =      {9780471056690,0471056693},
   year =      {2001},
   series =    {},
   edition =   {2nd ed},
   volume =    {},
}

@article{flexCal,
author = {Zhang, Zhengyou},
title = {A Flexible New Technique for Camera Calibration},
booktitle = {},
year = {2000},
month = {December},
pages = {1330-1334},
journal = {IEEE Transactions on Pattern Analysis and Machine Intelligence},
volume = {22},
chapter = {},
isbn = {},
}

@misc{bayer1976color,
  title={Color imaging array},
  author={Bayer, B.E.},
  url={https://www.google.com/patents/US3971065},
  year={1976},
  month=jul # "~20",
  publisher={Google Patents},
  note={US Patent 3,971,065},
}

@misc{BSD,
  title = {The 3-Clause BSD License},
  howpublished = {\url{https://opensource.org/licenses/BSD-3-Clause}},
  note = {Accessed: 2017-12-06},
}

@misc{libuvc_camera,
  title = {libuvc\_camera - ROS Wiki},
  author = {Open Source Robotics Foundation},
  howpublished = {\url{http://wiki.ros.org/libuvc_camera?distro=kinetic}},
  note = {Accessed: 2017-12-06},
}

@misc{xsens_driver,
  title = {xsens\_driver - ROS Wiki},
  author = {Open Source Robotics Foundation},
  howpublished = {\url{http://wiki.ros.org/xsens_driver}},
  note = {Accessed: 2017-12-06},
}

@misc{velodyne_driver,
  title = {velodyne - ROS Wiki},
  author = {Open Source Robotics Foundation},
  howpublished = {\url{http://wiki.ros.org/velodyne?distro=kinetic}},
  note = {Accessed: 2017-12-06},
}

@misc{caffe,
	title = {Caffe Deep Learning Framework, Online Documentation},
	author = {},
	howpublished = {\url{http://caffe.berkeleyvision.org/}},
	note = {Accessed: 2017-12-17},
}

@misc{caffe_for_faster_rcnn,
	title = {Caffe for Faster R-CNN},
	author = {},
	howpublished = {\url{https://github.com/ShaoqingRen/caffe/tree/faster-R-CNN}},
	note = {Accessed: 2017-12-17},
}


@misc{camera_calibrator,
	title = {Estimate geometric parameters of a single camera - MATLAB},
	author = {MathWorks},
	howpublished = {\url{https://se.mathworks.com/help/vision/ref/cameracalibrator-app.html}},
	note = {Accessed: 2017-12-08},
}


@misc{ros_drivers,
  title = {ROS device drivers},
  howpublished = {\url{https://github.com/ros-drivers}},
  note = {Accessed: 2017-12-06},
}

@misc{ros_msgs,
	title = {ROS Tutorials: Creating a ROS msg and srv},
	howpublished = {\url{http://wiki.ros.org/ROS/Tutorials/CreatingMsgAndSrv}},
	note = {Accessed: 2017-12-18},
}

@misc{faster_rcnn_git,
	title = {Faster R-CNN: Towards Real-Time Object Detection with Region Proposal Networks},
	howpublished = {\url{https://github.com/ShaoqingRen/faster_rcnn}},
	note = {Accessed: 2017-12-15},
}

@article{ren15fasterrcnn,
	Author = {Shaoqing Ren and Kaiming He and Ross Girshick and Jian Sun},
	Title = {{Faster R-CNN}: Towards Real-Time Object Detection with Region Proposal Networks},
	Journal = {arXiv preprint arXiv:1506.01497},
	Year = {2015}
}

@misc{rosbag,
	title = {rosbag - ROS Wiki},
	howpublished = {\url{http://wiki.ros.org/rosbag}},
	note = {Accessed: 2017-12-09},
}

@manual{velodyne_vlp16,
	author = {Velodyne LiDAR, Inc.},
	title = {User Manual and Programming Guide, VLP-16},
	language = {English},
	version = {63-9243 Rev B Mar 16},
	organization = {Velodyne LiDAR, Inc.},
	pagetotal = {49},
	pubstate = {March, 2016},
}

@article         {lecun-89e,
	original =    "orig/lecun-89e.tiff",
	author  =       "LeCun, Y. and Boser, B.  and Denker, J. S. and Henderson, D.
	and Howard, R. E. and Hubbard, W. and Jackel,  L. D.",
	title   =        "Backpropagation Applied to Handwritten Zip Code Recognition",
	journal =        "Neural Computation",
	year    =        "1989",
	volume =         "1",
	number =         "4",
	pages =          "541-551",
	month   =        "Winter"
}

@article{ILSVRC15,
Author = {Olga Russakovsky and Jia Deng and Hao Su and Jonathan Krause and Sanjeev Satheesh and Sean Ma and Zhiheng Huang and Andrej Karpathy and Aditya Khosla and Michael Bernstein and Alexander C. Berg and Li Fei-Fei},
Title = {{ImageNet Large Scale Visual Recognition Challenge}},
Year = {2015},
journal   = {International Journal of Computer Vision (IJCV)},
volume={115},
number={3},
pages={211-252}
}

@article{DBLP:journals/corr/ZeilerF13,
	author    = {Matthew D. Zeiler and
	Rob Fergus},
	title     = {Visualizing and Understanding Convolutional Networks},
	journal   = {CoRR},
	volume    = {abs/1311.2901},
	year      = {2013},
	url       = {http://arxiv.org/abs/1311.2901},
	archivePrefix = {arXiv},
	eprint    = {1311.2901},
	timestamp = {Wed, 07 Jun 2017 14:40:45 +0200},
	biburl    = {http://dblp.org/rec/bib/journals/corr/ZeilerF13},
	bibsource = {dblp computer science bibliography, http://dblp.org}
}

@article{SCHMIDHUBER201585,
	title = "Deep learning in neural networks: An overview",
	journal = "Neural Networks",
	volume = "61",
	number = "Supplement C",
	pages = "85 - 117",
	year = "2015",
	issn = "0893-6080",
	doi = "https://doi.org/10.1016/j.neunet.2014.09.003",
	url = "http://www.sciencedirect.com/science/article/pii/S0893608014002135",
	author = "JÃ¼rgen Schmidhuber",
}

@article{VGG16,
	author    = {Karen Simonyan and
	Andrew Zisserman},
	title     = {Very Deep Convolutional Networks for Large-Scale Image Recognition},
	journal   = {CoRR},
	volume    = {abs/1409.1556},
	year      = {2014},
	url       = {http://arxiv.org/abs/1409.1556},
	archivePrefix = {arXiv},
	eprint    = {1409.1556},
	timestamp = {Wed, 07 Jun 2017 14:41:51 +0200},
	biburl    = {http://dblp.org/rec/bib/journals/corr/SimonyanZ14a},
	bibsource = {dblp computer science bibliography, http://dblp.org}
}

@book{Goodfellow-et-al-2016,
	title={Deep Learning},
	author={Ian Goodfellow and Yoshua Bengio and Aaron Courville},
	publisher={MIT Press},
	note={\url{http://www.deeplearningbook.org}},
	year={2016}
}

@inproceedings{GlennieVLP,
	author={Glennie,C. L. and Kusari,A. and Facchin,A.},
	editor={ },
	year={2016},
	title={CALIBRATION AND STABILITY ANALYSIS OF THE VLP-16 LASER SCANNER},
	publisher={Copernicus GmbH},
	address={Gottingen},
	volume={XL-3/W4},
	pages={55-60},
}

@article {Glennie:2012:0099-1112:339,
	title = "Calibration and Kinematic Analysis of the Velodyne HDL-64E S2 Lidar Sensor",
	journal = "Photogrammetric Engineering & Remote Sensing",
	year = "2012",
	volume = "78",
	number = "4",
	pages = "339-347",
	itemtype = "ARTICLE",
	author = "Glennie, Craig",

}

@incollection{NIPS2012_4824,
title = {ImageNet Classification with Deep Convolutional Neural Networks},
author = {Alex Krizhevsky and Sutskever, Ilya and Hinton, Geoffrey E},
booktitle = {Advances in Neural Information Processing Systems 25},
editor = {F. Pereira and C. J. C. Burges and L. Bottou and K. Q. Weinberger},
pages = {1097--1105},
year = {2012},
publisher = {Curran Associates, Inc.},
}

@book{machine_learning,
	title =     {Pattern Recognition and Machine Learning},
	author =    {Christopher M. Bishop},
	publisher = {Springer},
	year =      {2006},
	series =    {Information science and statistics},
	edition =   {1st ed. 2006. Corr. 2nd printing},
	volume =    {},
}

@Inbook{Zeiler2014,
	author="Zeiler, Matthew D.
	and Fergus, Rob",
	editor="Fleet, David
	and Pajdla, Tomas
	and Schiele, Bernt
	and Tuytelaars, Tinne",
	title="Visualizing and Understanding Convolutional Networks",
	bookTitle="Computer Vision -- ECCV 2014: 13th European Conference, Zurich, Switzerland, September 6-12, 2014, Proceedings, Part I",
	year="2014",
	publisher="Springer International Publishing",
	pages="818--833",

}

@thesis{tangstad,
	author = {Tangstad, Espen Johansen},
	title = {Visual Detection of Maritime Vessels},
	type = {Master Thesis},
	institution = {Norwegian University of Science and Technology},
	date = {June 2017},
}

@InProceedings{Girshick_2015_ICCV,
	author = {Girshick, Ross},
	title = {Fast R-CNN},
	booktitle = {The IEEE International Conference on Computer Vision (ICCV)},
	month = {December},
	year = {2015}
}

@article{jia2014caffe,
	Author = {Jia, Yangqing and Shelhamer, Evan and Donahue, Jeff and Karayev, Sergey and Long, Jonathan and Girshick, Ross and Guadarrama, Sergio and Darrell, Trevor},
	Journal = {arXiv preprint arXiv:1408.5093},
	Title = {Caffe: Convolutional Architecture for Fast Feature Embedding},
	Year = {2014}
}

@article{dropout,
	author    = {Geoffrey E. Hinton and
	Nitish Srivastava and
	Alex Krizhevsky and
	Ilya Sutskever and
	Ruslan Salakhutdinov},
	title     = {Improving neural networks by preventing co-adaptation of feature detectors},
	journal   = {CoRR},
	volume    = {abs/1207.0580},
	year      = {2012},
	url       = {http://arxiv.org/abs/1207.0580},
	archivePrefix = {arXiv},
	eprint    = {1207.0580},
	timestamp = {Wed, 07 Jun 2017 14:40:12 +0200},
	biburl    = {http://dblp.org/rec/bib/journals/corr/abs-1207-0580},
	bibsource = {dblp computer science bibliography, http://dblp.org}
}

@article {ROB:ROB20367,
	author = {Elkins, Les and Sellers, Drew and Monach, W. Reynolds},
	title = {The Autonomous Maritime Navigation (AMN) project: Field tests, autonomous and cooperative behaviors, data fusion, sensors, and vehicles},
	journal = {Journal of Field Robotics},
	volume = {27},
	number = {6},
	publisher = {Wiley Subscription Services, Inc., A Wiley Company},
	issn = {1556-4967},
	url = {http://dx.doi.org/10.1002/rob.20367},
	doi = {10.1002/rob.20367},
	pages = {790--818},
	year = {2010},
}

@article {ROB:ROB20371,
	author = {Wolf, Michael T. and Assad, Christopher and Kuwata, Yoshiaki and Howard, Andrew and Aghazarian, Hrand and Zhu, David and Lu, Thomas and Trebi-Ollennu, Ashitey and Huntsberger, Terry},
	title = {360-degree visual detection and target tracking on an autonomous surface vehicle},
	journal = {Journal of Field Robotics},
	volume = {27},
	number = {6},
	publisher = {Wiley Subscription Services, Inc., A Wiley Company},
	issn = {1556-4967},
	url = {http://dx.doi.org/10.1002/rob.20371},
	doi = {10.1002/rob.20371},
	pages = {819--833},
	year = {2010},
}

@article {ROB:ROB20380,
	author = {Huntsberger, Terry and Aghazarian, Hrand and Howard, Andrew and Trotz, David C.},
	title = {Stereo visionâbased navigation for autonomous surface vessels},
	journal = {Journal of Field Robotics},
	volume = {28},
	number = {1},
	publisher = {Wiley Subscription Services, Inc., A Wiley Company},
	issn = {1556-4967},
	url = {http://dx.doi.org/10.1002/rob.20380},
	doi = {10.1002/rob.20380},
	pages = {3--18},
	year = {2011},
}


}


%</bibtex>